<?xml version="1.0" encoding="UTF-8" ?><marc:collection xmlns:marc="http://www.loc.gov/MARC21/slim" xmlns:xsi="http://www.w3.org/2001/XMLSchema-instance" xsi:schemaLocation="http://www.loc.gov/MARC21/slim http://www.loc.gov/standards/marcxml/schema/MARC21slim.xsd">
<marc:record><marc:leader>06756nam a2200505   4500</marc:leader>
<marc:controlfield tag="001">6405</marc:controlfield>
<marc:controlfield tag="003">aeadna</marc:controlfield><marc:controlfield tag="005">20100502083100.0</marc:controlfield><marc:controlfield tag="006">a      000 0      </marc:controlfield><marc:controlfield tag="008">  1840s1840      00010f ra da0 1 0dara u</marc:controlfield><marc:datafield tag="035" ind1=" " ind2=" "><marc:subfield code="a">(Sirsi) 6405</marc:subfield></marc:datafield><marc:datafield tag="040" ind1=" " ind2=" "><marc:subfield code="a">nal</marc:subfield><marc:subfield code="b">ara</marc:subfield><marc:subfield code="e">AACR2</marc:subfield></marc:datafield><marc:datafield tag="041" ind1="0" ind2=" "><marc:subfield code="a">ara </marc:subfield><marc:subfield code="a"> fre</marc:subfield></marc:datafield><marc:datafield tag="043" ind1=" " ind2=" "><marc:subfield code="a">ma---</marc:subfield></marc:datafield><marc:datafield tag="050" ind1=" " ind2="4"><marc:subfield code="a">G93 </marc:subfield><marc:subfield code="b">.A28 1840</marc:subfield></marc:datafield><marc:datafield tag="100" ind1="0" ind2=" "><marc:subfield code="a">أبو الفدا، عماد الدين اسماعيل،</marc:subfield><marc:subfield code="d">1272-1331.</marc:subfield></marc:datafield><marc:datafield tag="245" ind1="1" ind2="0"><marc:subfield code="a">كتاب تقويم البلدان /</marc:subfield><marc:subfield code="c">تأليف السلطان الملك المؤيد عماد الدين إسمعيل بن الملك الأفضل نورالدين علي بن جمال الدين محمود بن محمد بن عمر ابن شاهنشاه بن أيوب صاحب حماه؛ اعتنى بتصحيحة وطبعه رينود، والبارون ماك كوكين ديسلان</marc:subfield></marc:datafield><marc:datafield tag="246" ind1="1" ind2="5"><marc:subfield code="a">Géographie d'Aboulféda</marc:subfield></marc:datafield><marc:datafield tag="246" ind1="3" ind2="0"><marc:subfield code="a">تقويم البلدان</marc:subfield></marc:datafield><marc:datafield tag="260" ind1=" " ind2=" "><marc:subfield code="a">باريس :</marc:subfield><marc:subfield code="b">دار الطباعة السلطانية،</marc:subfield><marc:subfield code="c">1840م.</marc:subfield></marc:datafield><marc:datafield tag="300" ind1=" " ind2=" "><marc:subfield code="a">47، 581 ص.؛</marc:subfield><marc:subfield code="c">28 سم.</marc:subfield></marc:datafield><marc:datafield tag="500" ind1=" " ind2=" "><marc:subfield code="a">&quot;طبع في مدينة باريس المحروسة بدار الطباعة السلطانية سنة 1840 مسيحية&quot;</marc:subfield></marc:datafield><marc:datafield tag="500" ind1=" " ind2=" "><marc:subfield code="a">صفحة عنوان إضافية.: Géographie d'Aboulféda.</marc:subfield></marc:datafield><marc:datafield tag="500" ind1=" " ind2=" "><marc:subfield code="a">خلف صفحة العنوان قصيدة من نظم شرف الدين الحسين بن ربّان، اوّلها :      كتاب بديع وَضْعثهُ واختراعه      وابداعه قد فاق تأليفه الكُتبا</marc:subfield></marc:datafield><marc:datafield tag="500" ind1=" " ind2=" "><marc:subfield code="a">يبدأ الكتاب بالبسملة والحمد لله، ثم يبدأ بذكر الموضوع ، بقوله: &quot; وبعد، فإني لما طالعت الكتب المؤلفة في البلاد ونواحي الرض من الجبال والبحار وغيرها لم أجد فيها كتابًا موفيًا بغرضي ؛ فمن الكتب التي وقفت عليها في هذا الفن كتاب ابن حوقل، وهو كتاب مطول ذكر فيه صفات البلاد ....&quot; يتناول الكتاب أسماء البلدان وصفاتها ولكن بدون ذكر لخطوط الطول أو العرض، فصار أغلب هذه المدن مجهولة.</marc:subfield></marc:datafield><marc:datafield tag="500" ind1=" " ind2=" "><marc:subfield code="a">وردت على صفحة العنوان عبارة: &quot;طبع في مدينة باريس المحروسة بدار الطباعة السلطانية سنة 1840 مسيحية&quot;.</marc:subfield></marc:datafield><marc:datafield tag="500" ind1=" " ind2=" "><marc:subfield code="a">عنوان ومقدمة باللغة الفرسية والنص باللغة العربية</marc:subfield></marc:datafield><marc:datafield tag="500" ind1=" " ind2=" "><marc:subfield code="a">تجليد فني - حالة الكتاب جيدة جدًا. وظهر على غلاف النسخة الثانية من الكتاب العنوان من الخلف باللغة الفرنسية.</marc:subfield></marc:datafield><marc:datafield tag="500" ind1=" " ind2=" "><marc:subfield code="a">ظهر على غلاف النسخة الثانية من الكتاب: &quot; يطلب من مكتبة المثنى ومؤسسة الخانجي مصر</marc:subfield></marc:datafield><marc:datafield tag="500" ind1=" " ind2=" "><marc:subfield code="a"> أبو الفداء هو إسماعيل بن علي بن محمود بن محمد بن عمر بن شاهنشاه بن أيوب ويطلق عليه ملك أو صاحب حماة في سوريا، عماد الدين، الملك العالم، الملك المؤيد، مؤرخ جغرافي، قرأ التاريخ والأدب وأصول الدين، واطلع على كتب كثيرة في الفلسفة والطب، وعلم الهيأة ونظم الشعر وليس بشاعر - وأجاد الموشحات. (672 - 732 هـ / 1273 - 1331 م).</marc:subfield></marc:datafield><marc:datafield tag="520" ind1=" " ind2=" "><marc:subfield code="a">يتناول الكتاب أسماء البلدان وصفاتها ولكن بدون ذكر لخطوط الطول أو العرض، فصار أغلب هذه المدن مجهولة. سجل فيه أبو الفداء كل مشاهداته في رحلاته إلى البلدان التي كان يكلفها من قبل السلطان المملوكي، مع إضافة ما ذكره قبله الرحالة والجغرافيون العرب. ويتسم الكتاب بغزارة المادة الجغرافية وتوفر الرسوم التوضيحية، ويقع في جزأين ومعظمه جغرافيا وصفية. وهو أول من اتبع نظام الجداول في علم الجغرافيا متأثرا بأسلوب الطبيب ابن جزلة، وحوت الجداول أسماء الأماكن لطول الأقاليم وعرضها مع وصف لها. وبنى فيه تقسيم البلدان على أساس المناطق الجغرافية وليس الأقاليم الفلكية (الجغرافية والرياضية) التي لم يهملها في كتابه، وحاول تعيين مواقع أهم المدن العربية والعالمية حسب مواقعها على خطوط الطول والعرض.  وقد أشار ابو الفداء إلى مصادر مواده بدقة (كالإصطخري وابن حوقل والبيروني والإدريسي وياقوت الحموي وغيرهم ). ويعتبر من أهم ما كتبه أبو الفداء عن عاصمة ملكه حماة، وقد أتمه سنة 721هـ واستمر في تنقيحه بقية حياته. اشتهر هذا الكتاب في أوربا شهرة قصة ألف ليلة وليلة، ولقي رواجًا مماثلًا لدى الأتراك والإيرانيين. وقد تناول العلامة التركي سباهي زاده كتاب أبي الفداء بإعادة الصياغة وترجم مقتطفات منه الى التركية، وقلد الجغرافي التركي محمد عاشق الكتاب وأعطاه عنوان (مناظر العالم ). ونشره المستشرقان رينو ودوسلان، وقال عنه سارتر: «إن أبا الفداء كان أعظم مؤرخ وجغرافي في ذلك العصر على اختلاف الأوطان والأديان&quot;.</marc:subfield></marc:datafield><marc:datafield tag="546" ind1=" " ind2=" "><marc:subfield code="a">باللغتين العربية والفرنسية</marc:subfield></marc:datafield><marc:datafield tag="650" ind1=" " ind2="4"><marc:subfield code="a">الجغرافيا</marc:subfield><marc:subfield code="y">العصور الوسطى.</marc:subfield></marc:datafield><marc:datafield tag="650" ind1=" " ind2="4"><marc:subfield code="a">الجغرافيا</marc:subfield><marc:subfield code="y">القرن ال13</marc:subfield></marc:datafield><marc:datafield tag="650" ind1=" " ind2="4"><marc:subfield code="a">الجغرافيا</marc:subfield><marc:subfield code="y">القرن ال14</marc:subfield></marc:datafield><marc:datafield tag="650" ind1=" " ind2="4"><marc:subfield code="a">تقاويم البلدان</marc:subfield></marc:datafield><marc:datafield tag="651" ind1=" " ind2="4"><marc:subfield code="a">العالم</marc:subfield><marc:subfield code="x">وصف ورحلات</marc:subfield></marc:datafield><marc:datafield tag="651" ind1=" " ind2="4"><marc:subfield code="a">العالم الإسلامي</marc:subfield><marc:subfield code="x">وصف ورحلات</marc:subfield></marc:datafield><marc:datafield tag="651" ind1=" " ind2="4"><marc:subfield code="a">العالم</marc:subfield><marc:subfield code="v">تقاويم البلدان</marc:subfield></marc:datafield><marc:datafield tag="700" ind1="1" ind2=" "><marc:subfield code="a">رينود، جوزيف توسينت، 1795- 1867</marc:subfield><marc:subfield code="e">مصحح</marc:subfield></marc:datafield><marc:datafield tag="700" ind1="1" ind2=" "><marc:subfield code="a">ديسلان، ماك كويكن</marc:subfield><marc:subfield code="e">مصحح</marc:subfield></marc:datafield><marc:datafield tag="740" ind1="0" ind2=" "><marc:subfield code="a">تقويم البلدان</marc:subfield></marc:datafield><marc:datafield tag="740" ind1="0" ind2=" "><marc:subfield code="a"> Géographie d'Aboulféda.</marc:subfield></marc:datafield><marc:datafield tag="949" ind1=" " ind2=" "><marc:subfield code="a">913.03 ص ا  DF  ت</marc:subfield><marc:subfield code="w">DDC</marc:subfield><marc:subfield code="i">30018000017124</marc:subfield><marc:subfield code="u">07/09/2003</marc:subfield><marc:subfield code="d">04/26/2010</marc:subfield><marc:subfield code="n">0</marc:subfield><marc:subfield code="t">Book</marc:subfield><marc:subfield code="l">av</marc:subfield><marc:subfield code="m">MAIN</marc:subfield><marc:subfield code="x">RAR</marc:subfield></marc:datafield><marc:datafield tag="949" ind1=" " ind2=" "><marc:subfield code="a">913.03 ص ا  DF  ت</marc:subfield><marc:subfield code="w">DDC</marc:subfield><marc:subfield code="i">30018000010194</marc:subfield><marc:subfield code="u">07/15/2003</marc:subfield><marc:subfield code="d">04/26/2010</marc:subfield><marc:subfield code="n">0</marc:subfield><marc:subfield code="t">Book</marc:subfield><marc:subfield code="l">av</marc:subfield><marc:subfield code="m">MAIN</marc:subfield><marc:subfield code="x">RAR</marc:subfield></marc:datafield></marc:record>
</marc:collection>
